@article{kovalenkov2005thick,
  title={{Thick AlN layers grown by HVPE}},
  author={Kovalenkov, O. and Soukhoveev, V. and Ivantsov, V. and Usikov, A. and Dmitriev, V.},
  journal={Journal of Crystal Growth},
  volume={281},
  number={1},
  pages={87--92},
  year={2005},
  publisher={Elsevier}
}
