% This file was created with JabRef 2.5.
% Encoding: UTF-8

